<record><leader>00000cas a22000007a 4500</leader><controlfield tag="001">41306379</controlfield><controlfield tag="008">990505c19179999tnuwr ne      0    0eng d</controlfield><datafield ind1=" " ind2=" " tag="010"><subfield code="a">sn 99065781 </subfield></datafield><datafield ind1=" " ind2=" " tag="040"><subfield code="a">TGN</subfield><subfield code="b">eng</subfield><subfield code="c">TGN</subfield><subfield code="d">OCLCF</subfield><subfield code="d">OCLCO</subfield></datafield><datafield ind1="1" ind2=" " tag="029"><subfield code="a">AU@</subfield><subfield code="b">000020123714</subfield></datafield><datafield ind1=" " ind2=" " tag="042"><subfield code="a">msc</subfield></datafield><datafield ind1="0" ind2="0" tag="245"><subfield code="a">Grainger County news.</subfield></datafield><datafield ind1=" " ind2=" " tag="260"><subfield code="a">Rutledge, Tenn. :</subfield><subfield code="b">F.G. Asquith,</subfield><subfield code="c">1917-</subfield></datafield><datafield ind1=" " ind2=" " tag="300"><subfield code="a">v.</subfield></datafield><datafield ind1=" " ind2=" " tag="310"><subfield code="a">Weekly</subfield></datafield><datafield ind1="0" ind2=" " tag="362"><subfield code="a">Vol. 1, no. 1 (Feb. 15, 1917)-</subfield></datafield><datafield ind1=" " ind2=" " tag="500"><subfield code="a">Published in Jefferson City, Tenn., Mar. 12, 1959-June 23, 1966.</subfield></datafield><datafield ind1=" " ind2=" " tag="500"><subfield code="a">"Jefferson City" replaces "Rutledge" on masthead, Apr. 16, 1959-June 30, 1966.</subfield></datafield><datafield ind1=" " ind2="0" tag="651"><subfield code="a">Rutledge (Tenn.)</subfield><subfield code="v">Newspapers.</subfield></datafield><datafield ind1=" " ind2="0" tag="651"><subfield code="a">Jefferson City (Tenn.)</subfield><subfield code="v">Newspapers.</subfield></datafield><datafield ind1=" " ind2="0" tag="651"><subfield code="a">Grainger County (Tenn.)</subfield><subfield code="v">Newspapers.</subfield></datafield><datafield ind1=" " ind2="0" tag="651"><subfield code="a">Jefferson County (Tenn.)</subfield><subfield code="v">Newspapers.</subfield></datafield><datafield ind1=" " ind2="7" tag="655"><subfield code="a">Newspapers.</subfield><subfield code="2">fast</subfield><subfield code="0">(OCoLC)fst01423814</subfield></datafield><datafield ind1=" " ind2="7" tag="651"><subfield code="a">Tennessee</subfield><subfield code="z">Grainger County.</subfield><subfield code="2">fast</subfield><subfield code="0">(OCoLC)fst01216912</subfield></datafield><datafield ind1=" " ind2="7" tag="651"><subfield code="a">Tennessee</subfield><subfield code="z">Jefferson City.</subfield><subfield code="2">fast</subfield><subfield code="0">(OCoLC)fst01221474</subfield></datafield><datafield ind1=" " ind2="7" tag="651"><subfield code="a">Tennessee</subfield><subfield code="z">Jefferson County.</subfield><subfield code="2">fast</subfield><subfield code="0">(OCoLC)fst01219228</subfield></datafield><datafield ind1=" " ind2="7" tag="651"><subfield code="a">Tennessee</subfield><subfield code="z">Rutledge.</subfield><subfield code="2">fast</subfield><subfield code="0">(OCoLC)fst01224323</subfield></datafield><datafield ind1=" " ind2=" " tag="752"><subfield code="a">United States</subfield><subfield code="b">Tennessee</subfield><subfield code="c">Grainger</subfield><subfield code="d">Rutledge.</subfield></datafield><datafield ind1=" " ind2=" " tag="752"><subfield code="a">United States</subfield><subfield code="b">Tennessee</subfield><subfield code="c">Jefferson</subfield><subfield code="d">Jefferson City.</subfield></datafield><datafield ind1="0" ind2="5" tag="780"><subfield code="t">Grainger County herald</subfield><subfield code="g">Dec. 8, 1926</subfield><subfield code="w">(DLC)sn 99065780</subfield></datafield></record>